@book{peyrott:jwt-handbook,
    author  = {Sebastián Peyrott},
    title   = {The JWT Handbook},
    publisher = {Auth0 Inc.},
    year    = {2016-2018}
}

@online{site:token-cookie-auth,
    title   = {Comparison of Cookies and Tokens for Secure Authentication},
    url     = {https://developer.okta.com/blog/2022/02/08/cookies-vs-tokens}
}

@online{site:cookie-wikipedia,
    title   = {HTTP cookie},
    url     = {https://en.wikipedia.org/wiki/HTTP_cookie}
}

@online{site:token-based-authentication-cloudflare,
    title   = {Autenticazione basata su token},
    url     = {https://www.cloudflare.com/learning/access-management/token-based-authentication/}
}

@online{site:cookie-vs-token,
    title   = {Cookies vs Tokens},
    url     = {https://dzone.com/articles/cookies-vs-tokens-the-definitive-guide}
}

@online{site:microsoft-teams,
    title   = {Microsoft Teams},
    url     = {https://www.microsoft.com/it-it/microsoft-teams/group-chat-software/}
}

@online{site:microsoft-graph,
    title   = {Microsoft Graph},
    url     = {https://developer.microsoft.com/en-us/graph}
}

@online{site:rfc7519,
    title   = {RFC7519, JSON Web Token (JWT)},
    url     = {https://datatracker.ietf.org/doc/html/rfc7519}
}

@online{site:jwt-debugger,
    title   = {JWT Debugger},
    url     = {https://jwt.io/}
}

@online{site:jwt-introduction,
    title   = {Introduzione a JSON Web Token},
    url     = {https://jwt.io/introduction/}
}

@online{site:rfc6749,
    title   = {RFC6749, The OAuth 2.0 Authorization Framework},
    url     = {https://datatracker.ietf.org/doc/html/rfc6749}
}

@online{site:elliptic-curve-cryptography,
    title   = {Elliptic-curve cryptography, Wikipedia},
    url     = {https://en.wikipedia.org/wiki/Elliptic-curve_cryptography}
}

@online{site:ecc-cloudflare,
    title   = {Elliptic Curve Cryptography},
    url     = {https://blog.cloudflare.com/a-relatively-easy-to-understand-primer-on-elliptic-curve-cryptography/}
}

@online{site:universal-security,
    title   = {Universal Security, Arjen K. Lenstra with Thorsten Kleinjung1 and Emmanuel Thomé},
    url     = {https://eprint.iacr.org/2013/635.pdf}
}

@online{site:dh-key-exchange,
    title   = {Diffie-Hellman key exchange},
    url     = {https://ieeexplore.ieee.org/document/5485276}
}

@online{site:ecdh,
    title   = {Elliptic curve Diffie-Hellman},
    url     = {https://ieeexplore.ieee.org/document/8192159}
}

@online{site:rfc6979,
    title   = {RFC6749, Deterministic Usage of the Digital Signature Algorithm (DSA) and Elliptic Curve Digital Signature Algorithm (ECDSA)},
    url     = {https://datatracker.ietf.org/doc/html/rfc6979}
}

@online{site:ecdsa-wikipedia,
    title   = {Elliptic Curve Digital Signature Algorithm, Wikipedia},
    url     = {https://en.wikipedia.org/wiki/Elliptic_Curve_Digital_Signature_Algorithm}
}

@online{site:ec-point-multiplication,
    title   = {EC Point Multiplication, Wikipedia},
    url     = {https://en.wikipedia.org/wiki/Elliptic_curve_point_multiplication}
}

@online{site:jwt-flow,
    title   = {Refresh Token, Auth0},
    url     = {https://auth0.com/blog/refresh-tokens-what-are-they-and-when-to-use-them/}
}

@online{site:mitm-image,
    title   = {Man in the Middle Attack Image},
    url     = {https://www.imperva.com/learn/application-security/man-in-the-middle-attack-mitm/}
}

@online{site:rich-notification,
    title   = {Validazione delle Notifiche},
    url     = {https://learn.microsoft.com/en-us/graph/change-notifications-with-resource-data?tabs=csharp}
}

@online{site:diffie-hellman-image,
    title   = {Diffie-Hellman Key Exchange Image},
    url     = {https://en.wikipedia.org/wiki/Diffie%E2%80%93Hellman_key_exchange#}
}

@online{site:xss-image,
    title   = {Cross-Site Scripting Image},
    url     = {https://www.imperva.com/}
}

@online{site:csrf-image,
    title   = {Cross-Site Request Forgery Image},
    url     = {https://www.okta.com/au/identity-101/csrf-attack/}
}